<?xml version="1.0" encoding="UTF-8"?><record xmlns="http://www.loc.gov/MARC21/slim" xmlns:cinclude="http://apache.org/cocoon/include/1.0" xmlns:zs="http://www.loc.gov/zing/srw/">
  <leader>00593cz  a2200145n  4500</leader>
  <controlfield tag="001">n  98112493 </controlfield>
  <controlfield tag="003">DLC</controlfield>
  <controlfield tag="005">20040407063354.0</controlfield>
  <controlfield tag="008">981224n| acannaabn          |n aaa      </controlfield>
  <datafield tag="010" ind1=" " ind2=" ">
    <subfield code="a">n  98112493 </subfield>
  </datafield>
  <datafield tag="035" ind1=" " ind2=" ">
    <subfield code="a">(OCoLC)oca04888167</subfield>
  </datafield>
  <datafield tag="040" ind1=" " ind2=" ">
    <subfield code="a">DLC</subfield>
    <subfield code="c">DLC</subfield>
    <subfield code="d">InU</subfield>
  </datafield>
  <datafield tag="100" ind1="1" ind2=" ">
    <subfield code="a">Kocina, Lonny</subfield>
  </datafield>
  <datafield tag="670" ind1=" " ind2=" ">
    <subfield code="a">Sticky Stanley's icky, yucky, mucky parents' night at Camp Wacki Kooki! c1997:</subfield>
    <subfield code="b">t.p. (Lonny Kocina)</subfield>
  </datafield>
  <datafield tag="670" ind1=" " ind2=" ">
    <subfield code="a">Entrepreneur.com "Daydream believers" article from Entrepreneur magazine, May 1999:</subfield>
    <subfield code="b">(Lonny Kocina, president of public relations firm, Media Relations, Inc., also wrote childrens' books)</subfield>
  </datafield>
</record>